@INPROCEEDINGS{Adler98,
    AUTHOR = "Micah Adler and Bruce M. Maggs",
    TITLE = "Protocols for Asymmetric Communication Channels",
    BOOKTITLE = "In Proceedings of 39th IEEE Symposium on Foundations of Computer Science (FOCS)",
    YEAR = "1998"
}

@INPROCEEDINGS{Watkinson01,
    AUTHOR = "John Watkinson and Micah Adler and Faith E. Fich",
    TITlE = "New Protocols for Asymmetric Communication Channels",
	BOOKTITLE = "Proceedings of 8th International Colloquium on Structural Information and Communication Complexity (Sirocco)",
    YEAR = "2001"
}

@INPROCEEDINGS{Gagie06,
    AUTHOR = "Travis Gagie",
    TITLE = "Dynamic asymmetric communication",
    BOOKTITLE = "In Proceedings of the 13th Colloquium on Structural Information and Communication Complexity",
    YEAR = "2006",
    PAGES = "310-318"
}

@MISC{range_encoder,
	AUTHOR		 = "G.N.N. Martin",
	TITLE		 = "Range encoding: an algorithm for removing redundancy from a digitised message",
	YEAR		 = "1979"
}

@INBOOK{power_management,
	AUTHOR = "Rong Zheng and Jennifer Hou and Ni Li",
	TITLE =  "Power Management and Power Control in Wireless Networks", 
	BOOKTITLE = "Ad Hoc and Sensor Networks", 
	EDITOR = "Yi Pan and Yang Xiao", 
	PUBLISHER = "Nova Science Publishers", 
	YEAR = "2004"
}

@MISC{broadcom_g,
	TITLE		 = "BCM4326 Product Brief",
	HOWPUBLISHED = "\url{http://www.broadcom.com/collateral/pb/4326-PB02-R.pdf}",
	MONTH		 = "December",
	YEAR		 = "2006"
}

@MISC{intel_g,
	TITLE		 = "TM5100 SpecSheet",
	HOWPUBLISHED = "\url{www.dell.com/downloads/us/products/latit/intel2200_spec.pdf}"
}

@MISC{zigbee,
	TITLE		 = "Single-chip Zigbee IC promises low power consumption",
	HOWPUBLISHED = "\url{http://www.eetasia.com/ART_8800530905_499488_NP_098e0700.HTM}"
}

